%%%%%%%%%%%%%%%%%%%%%%%%
%%%CH 1: Introduction
%%%%%%%%%%%%%%%%%%%%%%%%


@article{1-01,
title = "Empirical Formula for Propagation Loss in Land Mobile Radio Services",
abstract = "An empirical formula for propagation loss is derived from Okumura's report in order to put his propagation prediction method to computational use. The propagation loss In an urban area is presented in a simple form: A + B log10R, where A and B are frequency and antenna height functions and R is the distance. The introduced formula is application to system designs for UHF and VHF land mobile radio services, with a small formulation error, under the following conditions: frequency range 100–1500 MHz, distance 1–20 km, base station antenna height 30–200 m, and vehicular antenna height 1–10 m.",
author = "Masaharu Hata",
year = "1980",
language = "English",
journal = "IEEE Transactions on Vehicular Technology",
publisher = "Institute of Electrical and Electronics Engineers Inc.",
number = "3",
}

@ONLINE{1-34,
	author = "Nuzeal corporation",
	title = "Radio spectrum research and investigations",
	howpublished = "\url{https://nuzeal.com/index.php/radio-spectrum-availability/}"
}


@ONLINE{1-02,
	author = "MINETAD",
	title = "Qu{\'e} es el dividendo digital y en qu{\'e} consiste su liberaci{\'o}n",
	howpublished = "\url{http://www.televisiondigital.gob.es/DividendoDigital/Paginas/dividendo-digital.aspx}"
}


@TechReport{1-03,
	author = "ITU",
	title = "Digital Dividend: Insights for spectrum decisions",
	institution = "International Telecommunication Union",
	url = "http://www.itu.int/ITU-D/tech/digital_broadcasting/Reports/DigitalDividend.pdf",
	month = August,
	year = "2012",
}

@article{1-04,
	author = "ITU",
	title = "Final acts WRC-07: World Radiocommunication Conference 2007",
	journal = "Telecommun. Policy",
	year = "2007",
	url = "http://search.itu.int/history/HistoryDigitalCollectionDocLibrary/4.132.43.en.100.pdf",
}

@book{1-05,
  author={{The European Commission}},
  title={on harmonised technical conditions of use in the 790-862 MHz frequency band for terrestrial
systems capable of providing electronic communications services in the European Union},
  year={2010},
  publisher={The European Commission},
  url={https://eur-lex.europa.eu/legal-content/EN/TXT/PDF/?uri=CELEX:32010D0267&from=EN},
}

@book{1-06,
  author={{The European parliament and the council of the European Union}},
  title={Decision No 243/2012/EU of the European Parliament and the Council},
  subtitle={establishing a multiannual radio spectrum policy programme},
  year={2012},
  publisher={The European Commission},
  url={https://eur-lex.europa.eu/legal-content/EN/TXT/PDF/?uri=CELEX:32012D0243&from=EN},
}


@book{1-07,
  author={{CEPT-ECC}},
  title={“Technical considerations regarding harmonisation options for the digital dividend in the European Union},
  subtitle={Frequency (channelling) arrangements for the 790-862 MHz band” (Task 2 of the 2nd Mandate to CEPT on the digital dividend) },
  year={2009},
  publisher={Electronic Communications Committee (ECC) within the European Conference of Postal and Telecommunications Administrations (CEPT)},
  url={https://www.ecodocdb.dk/download/9dadb4e2-bc23/CEPTREP031.PDF},
}

@ONLINE{1-08,
	author = "ITU Radiocommunication Bureau",
	title = "Digital Switchover and Digital Dividend: Europe and CIS countries",
	howpublished = "\url{https://www.itu.int/en/ITU-D/Regional-Presence/Europe/Documents/Events/2017/Spectrum%20Management/Evghenii_DSO%20and%20DD_NEW.pdf}"
}



@book{1-09,
  author={{ITU-R}},
  title={Economic aspects of spectrum management},
  subtitle={Report ITU-R SM.2012-5},
  year={2012},
  publisher={ITU-R},
  url={https://www.itu.int/dms_pub/itu-r/opb/rep/R-REP-SM.2012-5-2016-PDF-E.pdf},
}

@ONLINE{1-10,
	author = "Spanish government",
	title = "Real Decreto 458/2011, de 1 de abril, sobre actuaciones en materia de espectro radioel{\'e}ctrico para el desarrollo de la sociedad digital.",
	howpublished = "\url{https://www.boe.es/buscar/doc.php?id=BOE-A-2011-5936}"
}

@book{1-11,
  author={{Ofcom}},
  title={Consultation on assessment of future mobile competition and proposals for the award of 800 MHz and 2.6 GHz spectrum and related issues},
  year={2011},
  publisher={Ofcom},
  url={https://www.ofcom.org.uk/__data/assets/pdf_file/0019/55630/combined-award.pdf},
}

@book{1-12,
  author={{Arthur D. Little}},
  title={Mobile Broadband, Competition and Spectrum Caps},
  subtitle={An independent paper prepared for the GSM Association},
  year={2009},
  publisher={GSMA},
  url={https://www.gsma.com/spectrum/wp-content/uploads/2012/07/Spectrum-Mobile-broadband-competition-and-caps-report-2009.pdf},
}

@inproceedings{1-13,
  title={Radio propagation into buildings at 912, 1920, and 5990 MHz using microcells},
  author={Aguirre, Sergio and Loew, Lynette H and Lo, Yeh},
  booktitle={Universal Personal Communications, 1994. Record., 1994 Third Annual International Conference on},
  pages={129--134},
  year={1994},
  organization={IEEE}
}

@ONLINE{1-14,
	author = "IEEE Spectrum",
	title = "Everything You Need to Know About 5G",
	year={2017},
	howpublished = "\url{https://spectrum.ieee.org/video/telecom/wireless/everything-you-need-to-know-about-5g}"
}

@ONLINE{1-15,
	author = "Cisco",
	title = "The Zettabyte Era: Trends and Analysis",
	howpublished = "\url{https://www.cisco.com/c/en/us/solutions/collateral/service-provider/visual-networking-index-vni/vni-hyperconnectivity-wp.html}"
}

@ONLINE{1-16,
	author = "Huawei",
	title = "5G Vision: 100 Billion connections, 1 ms Latency, and 10 Gbps Throughput",
	howpublished = "\url{http://www.huawei.com/minisite/5g/en/defining-5g.html}"
}

@ONLINE{1-17,
	author = "Brice Murara",
	title = "IMT-2020 network high level requirements, how African countries can cope",
	howpublished = "\url{https://www.itu.int/en/ITU-T/Workshops-and-Seminars/standardization/20170402/Documents/S2_4.%20Presentation_IMT%202020%20Requirements-how%20developing%20countries%20can%20cope.pdf}"
}

@book{1-18,
  author={{Huawei}},
  title={5G: A Technology Vision},
  year={2013},
  publisher={Huawei},
  url={http://www.huawei.com/ilink/en/download/HW_314849},
}

@book{1-19,
  author={{GSMA Spectrum}},
  title={5G Spectrum. Public Policy Position},
  year={2016},
  publisher={GSMA Spectrum},
  url={https://www.gsma.com/spectrum/wp-content/uploads/2016/06/GSMA-5G-Spectrum-PPP.pdf},
}

@ONLINE{1-20,
	author = "Ulrich Rehfuess. Nokia",
	title = "5G for people and things. 700 MHz band as key to success for wide-area 5G services ",
	howpublished = "\url{https://www.itu.int/en/ITU-D/Regional-Presence/Europe/Documents/Events/2017/Spectrum%20Management/Ulrich__Nokia__5G_in%20700w.pdf}"
}

@book{1-21,
  author={{Radio Spectrum Policy Group}},
  title={Strategic spectrum roadmap towards 5G for Europe},
  subtitle={Draft RSPG second opinion on 5G networks },
  year={2017},
  publisher={European commission},
  url={https://circabc.europa.eu/sd/a/b7f85cbb-5155-4268-abbb-fa83113b3ed4/RSPG17-034final_2nd_draft_opinion_on_5G.pdf},
}

@book{1-22,
  author={{Ofcom}},
  title={Award of 2.3 and 3.4 GHz spectrum bands - Publication under regulation 111 of the Wireless Telegraphy (Licence Award) Regulations 2018 of results of auction},
  year={2018},
  publisher={Ofcom},
  url={https://www.ofcom.org.uk/__data/assets/pdf_file/0018/112932/Regulation-111-Final-outcome-of-award.pdf},
}

@book{1-23,
  author={{Radio Spectrum Policy Group}},
  title={Strategic roadmap towards 5G for Europe},
  subtitle={Opinion on spectrum related aspects for next-generation wireless systems (5G)},
  year={2016},
  publisher={European commission},
  url={http://rspg-spectrum.eu/wp-content/uploads/2013/05/RPSG16-032-Opinion_5G.pdf},
}


@book{1-24,
  author={{Ofcom}},
  title={3.8 GHz to 4.2 GHz band: Opportunities for Innovation},
  year={2016},
  publisher={Ofcom},
  url={https://www.ofcom.org.uk/__data/assets/pdf_file/0031/79564/3.8-GHz-to-4.2-GHz-band-Opportunities-for-Innovation.pdf},
}

@ONLINE{1-25,
	author = "Ofcom",
	title = "3.8 GHz to 4.2 GHz band: Opportunities for Innovation",
	howpublished = "\url{https://www.ofcom.org.uk/consultations-and-statements/category-2/opportunities-for-spectrum-sharing-innovation}"
}

@book{1-26,
  author={{Ofcom}},
  title={Mobile Data Strategy},
  subtitle={Update on our strategy for mobile spectrum},
  year={2016},
  publisher={Ofcom},
  url={https://www.ofcom.org.uk/__data/assets/pdf_file/0033/79584/update-strategy-mobile-spectrum.pdf},
}

@book{1-27,
  author={{World Radiocommunication Conference}},
  title={Studies on frequency-related matters for International Mobile Telecommunications identification including possible additional allocations to the mobile services on a primary basis in portion(s) of the frequency range between 24.25 and 86 GHz for the future development of International Mobile Telecommunications for 2020 and beyond},
  year={2015},
  publisher={ITU},
  url={https://www.itu.int/dms_pub/itu-r/oth/0c/0a/R0C0A00000C0014PDFE.pdf},
}


@book{1-28,
  author={{EU Legislation in Progress}},
  title={New radio frequencies for mobile internet services},
  year={2016},
  publisher={European Parliament},
  url={http://www.europarl.europa.eu/RegData/etudes/BRIE/2016/589775/EPRS_BRI(2016)589775_EN.pdf},
}

@ONLINE{1-29,
	author = "European Council and Council of the European Union",
	title = "Freeing up 700 MHz band for mobile: Council agrees its position",
	howpublished = "\url{http://www.consilium.europa.eu/en/press/press-releases/2016/05/26/freeing-up-700-mhz-band-for-mobile/}"
}


@TECHREPORT{1-30,
title = {Application of multiple regression analysis to the prices of the spectrum in the IMT band},
author = {Insua, Manuel and Frias, Zoraida and Pérez Martínez, Jorge},
year = {2017},
institution = {International Telecommunications Society (ITS)},
type = {28th European Regional ITS Conference, Passau 2017},
abstract = {This paper explores the effects of different variables on the price paid for the spectrum by Mobile Service Providers (MSP) in several European countries. Multiple regression analysis is used to find relations between these variables and the Price/MHz/pop, commonly used in the industry to compare prices across bands and markets. The results show that the most important factor that affects spectrum prices is the frequency band, followed by the country, and, to a lesser extent, the number of competitors and the year of allocation. The analysis is also used to create a regression function capable of predicting future prices. The model has been cross-validated with data from past tenders, with mixed results. The lowest prediction errors are around 10%. Even if accuracy is not high, the model provides a valid range of price estimates in which real prices oscillate. Further research is needed regarding variables not being currently captured in the model, as the balance between supply and demand of spectrum at any one awarding process.},
keywords = {Spectrum management; Spectrum pricing; Spectrum auction; Mobile Networks},
url = {https://EconPapers.repec.org/RePEc:zbw:itse17:169467}
}

@book{1-31,
  author={{Cave, Martin; Webb, William}},
  title={Spectrum Limits and Auction Revenue: the European Experience},
  year={2013},
  publisher={U.S. Federal Communications Commission},
  url={https://ecfsapi.fcc.gov/file/7520934210.pdf},
}

@book{1-32,
  author={{Ofcom}},
  title={Connected Nations 2017},
  year={2017},
  publisher={Ofcom},
  url={https://www.ofcom.org.uk/__data/assets/pdf_file/0024/108843/summary-report-connected-nations-2017.pdf},
}

@book{1-33,
  author={{Real Wireless}},
  title={Technical analysis of the cost of extending an 800 MHz mobile broadband coverage obligation for the United Kingdom},
  year={2012},
  publisher={Produced by Real Wireless on behalf of Ofcom},
  url={https://www.ofcom.org.uk/__data/assets/pdf_file/0026/71468/real-wireless-cost-analysis.pdf},
}



%%%%%%%%%%%%%%%%%%%%%%%%
%%%CH 2: On the problem to set coverage obligations
%%%%%%%%%%%%%%%%%%%%%%%%

@book{2-01,
  author={{Ganuza, Juan Jos{\'e}; Viecens, Fernanda}},
  title={Aplicaciones de la Teor{\'i}a de Juegos a la Econom{\'i}a Industrial},
  subtitle={Las subastas del espectro radioel{\'e}ctrico en España},
  publisher={mincotur},
  url={http://www.mincotur.gob.es/Publicaciones/Publicacionesperiodicas/EconomiaIndustrial/RevistaEconomiaIndustrial/393/JJ%20GANUZA%20y%20F%20VIECENS.pdf},
}

@article{2-02,
  title={Modificaciones en la gesti{\'o}n del espectro: opciones y situaci{\'o}n actual},
  author={Feijoo Gonzalez, Claudio Antonio and G{\'o}mez Barroso, Jos{\'e} Luis and Moch{\'o}n, Asunci{\'o}n},
  journal={Cuadernos econ{\'o}micos del ICE (Informaci{\'o}n Comercial Espa{\~n}ola)},
  volume={81},
  pages={175--194},
  year={2011},
  publisher={Ministerio de Industria Comercio y Turismo}
}

@book{2-03,
  author={{Frontier Economics Ltd, London}},
  title={Benefits of network competition and complementary policies to promote mobile broadband coverage},
  subtitle={},
  year={2015},
  publisher={GSMA},
  url={https://www.gsma.com/publicpolicy/wp-content/uploads/2015/02/Benefits-of-network-competition-and-complementary-policies-to-promote-mobile-broadband-coverage-Report.pdf},
}


@book{2-04,
  author={{GSMA}},
  title={Mobile Infrastructure Sharing},
  subtitle={},
  year={2012},
  publisher={GSMA},
  url={https://www.gsma.com/publicpolicy/wp-content/uploads/2012/09/Mobile-Infrastructure-sharing.pdf},
}

@book{2-05,
  author={{Florence school of regulation. Communications and Media}},
  title={Broadband Diffusion: Drivers and Policies },
  subtitle={},
  year={},
  publisher={Independent Regulators Group},
  url={https://siva-project.eu/download.php?fgr=entries/0157_1727.pdf},
}


@book{2-06,
  author={{The UK Parliament}},
  title={Wireless Telegraphy Act 1998},
  year={1998},
  publisher={The UK Parliament},
  url={http://www.legislation.gov.uk/ukpga/1998/6/contents},
}

@ONLINE{2-07,
	author = "The UK Parliament",
	title = "The UK 4G spectrum auction and mobile coverage",
	howpublished = "\url{http://researchbriefings.parliament.uk/ResearchBriefing/Summary/SN06383#fullreport}"
}


@book{2-08,
  author={{ECC}},
  title={ECC Report 231},
  subtitle={Mobile coverage obligations},
  year={2015},
  publisher={ECC},
  url={https://www.ecodocdb.dk/download/59a0f2f2-668b/ECCREP231.PDF},
}


@book{2-09,
  author={{Ofcom}},
  title={Consultation on assessment of future mobile competition and proposals for the award of 800 MHz and 2.6 GHz spectrum and related issues},
  year={2011},
  publisher={Ofcom},
  url={https://www.ofcom.org.uk/__data/assets/pdf_file/0019/55630/combined-award.pdf},
}

@book{2-10,
  author={{Spanish Government}},
  title={Ley 2/2011, de 4 de marzo, de Econom{\'i}a Sostenible.},
  subtitle={},
  year={2014},
  publisher={BOE},
  url={https://www.boe.es/buscar/act.php?id=BOE-A-2011-4117&b=83&tn=1&p=20141230#a51},
}


@book{2-11,
  author={{MINETUR}},
  title={Nota informativa sobre la subasta de espectro},
  subtitle={},
  year={2011},
  publisher={},
  url={http://www.mincotur.gob.es/telecomunicaciones/es-ES/ResultadosSubasta/Informe_Web_29072011_fin_de_subasta.pdf},
}

@book{2-12,
  author={{Supreme Court of Spain}},
  title={Sentencia. Tibunal supremo. Sala de lo contencioso administrativo. 27/11/2012},
  subtitle={},
  year={2012},
  publisher={Supreme Court of Spain},
  url={http://www.poderjudicial.es/search/contenidos.action?action=contentpdf&databasematch=TS&reference=6578501&links=TELEVISION%20DIGITAL%20TERRESTRE&optimize=20121218&publicinterface=true}
}

@book{2-13,
  author={{Ofcom}},
  title={Consultation on assessment of future mobile competition and proposals for the award of 800 MHz and 2.6 GHz spectrum and related issues},
  subtitle={},
  year={2011},
  publisher={Ofcom},
  url={https://www.ofcom.org.uk/__data/assets/pdf_file/0019/55630/combined-award.pdf},
}

@book{2-14,
  author={{Ofcom}},
  title={Award of the 800 MHz and 2.6 GHz spectrum bands – Publication of final results of auction under regulation 111 of the Wireless Telegraphy (Licence Award) Regulations 2012},
  subtitle={},
  year={2013},
  publisher={Ofcom},
  url={https://www.ofcom.org.uk/__data/assets/pdf_file/0025/92446/Final-results-of-the-800-MHz-and-2.6GHz-4G-auction.pdf},
}

@book{2-15,
  author={{Ofcom}},
  title={Voice Coverage Obligation Notice of Compliance Methodology },
  subtitle={},
  year={2015},
  publisher={Ofcom},
  url={https://www.ofcom.org.uk/__data/assets/pdf_file/0027/82377/voicecov-compliance-final-20150130.pdf},
}


@book{2-16,
  author={{Ofcom}},
  title={4G Coverage Obligation Notice of Compliance Verification Methodology},
  subtitle={},
  year={2017},
  publisher={Ofcom},
  url={https://www.ofcom.org.uk/__data/assets/pdf_file/0020/108209/4g-coverage-methodology.pdf},
}

@ONLINE{2-17,
	author = "Ofcom",
	title = "Mobile coverage obligation",
	howpublished = "\url{https://www.ofcom.org.uk/spectrum/information/cellular-coverage}"
}

@ONLINE{2-18,
	author = "Arcep",
	title = "Arcep web page",
	howpublished = "\url{https://www.arcep.fr/index.php}"
}


@ONLINE{2-19,
	author = "ANFR",
	title = "Agence nationale des fréquences web page",
	howpublished = "\url{https://www.anfr.fr/en/home/}"
}


@book{2-20,
  author={{ARCEP}},
  title={Projet de d{\'e}cision de l’ARCEP proposant au ministre charg{\'e} des communications {\'e}lectroniques les modalit{\'e}s et les conditions d’attribution d’autorisations d’utilisation de fr{\'e}quences dans la bande 800 MHz en France m{\'e}tropolitaine pour {\'e}tablir et exploiter un r{\'e}seau radio{\'e}lectrique mobile ouvert au public},
  subtitle={},
  year={2011},
  publisher={ARCEP},
  url={https://www.arcep.fr/fileadmin/reprise/dossiers/4G/proj-dec-appel-800mhz-160511.pdf},
}

@book{2-21,
  author={{ARCEP}},
  title={Projet de d{\'e}cision de l’ARCEP proposant au ministre charg{\'e} des communications {\'e}lectroniques les modalit{\'e}s et les conditions d’attribution d’autorisations d’utilisation de fr{\'e}quences dans la bande 2,6 GHz en France m{\'e}tropolitaine pour {\'e}tablir et exploiter un r{\'e}seau radio{\'e}lectrique mobile ouvert au public},
  subtitle={},
  year={2011},
  publisher={ARCEP},
  url={https://www.arcep.fr/fileadmin/reprise/dossiers/4G/proj-dec-appel-2-6ghz-160511.pdf},
}

@ONLINE{2-22,
	author = "ARCEP",
	title = "4G frequency allocations",
	howpublished = "\url{https://www.arcep.fr/index.php?id=8571&no_cache=1&tx_gsactualite_pi1%5Buid%5D=1382&tx_gsactualite_pi1%5BbackID%5D=1&cHash=5774070235c33f5a0f8ffdb0f2034570}"
}

@book{2-23,
  author={{Government of France}},
  title={LOI n° 2009-1572 du 17 d{\'e}cembre 2009 relative {\`a} la lutte contre la fracture num{\'e}rique (1) },
  subtitle={},
  year={2018},
  publisher={},
  url={https://www.legifrance.gouv.fr/affichTexte.do?cidTexte=JORFTEXT000021490974},
}

@ONLINE{2-24,
	author = "Government of France",
	title = "List of areas of priority deployment",
	howpublished = "\url{https://www.arcep.fr/fileadmin/reprise/dossiers/4G/listes-communes-4G-mai2011.zip}"
}

@ONLINE{2-25,
	author = "ARCEP",
	title = " Results of the allocation procedure for 4G mobile licenses in the 800 MHz band (the digital dividend)",
	howpublished = "\url{https://www.arcep.fr/index.php?id=8571&L=1&tx_gsactualite_pi1%5buid%5d=1470&tx_gsactualite_pi1%5bbackID}"
}

@ONLINE{2-26,
	title = "The Bundesnetzagentur's duties",
	howpublished = "\url{https://www.bundesnetzagentur.de/EN/General/Bundesnetzagentur/About/Functions/functions_node.html}"
}

@book{2-27,
  author={{Goldmedia GmbH Strategy Consulting}},
  title={Dritter Monitoringbericht zur Breitbandstrategie der Bundesregierung},
  subtitle={},
  year={2013},
  publisher={Bundesministeriums für Wirtschaft und Technologie (BMWi)},
  url={https://www.bmvi.de/SharedDocs/DE/Anlage/Digitales/breitbandstrategie-dritter-monitoringbericht.pdf?__blob=publicationFile},
}

@ONLINE{2-28,
	author = "Bundesrat",
	title = "Bundesrat erm{\¨o}glicht schnellen Internet-Ausbau",
	howpublished = "\url{https://www.bundesrat.de/SharedDocs/pm/2009/117-2009.html}"
}

@book{2-29,
  author={{German's Pr{\¨a}sidentenkammer}},
  title={{\¨u}ber die Verbindung der Vergabe von Frequenzen inden Bereichen 790 bis 862 MHz sowie 1710 bis1725 MHz und 1805 bis 1820 MHz mit demVerfahren zur Vergabe von Frequenzen in denBereichen 1,8 GHz, 2 GHz und 2,6 GHz f{\¨u}r dendrahtlosen Netzzugang zum Angebot vonTelekommunikationsdiensten sowie {\¨u}ber dieFestlegungen und Regelungen f{\¨u}r die Durchf{\¨u}hrungdes Verfahrens zur Vergabe von Frequenzen in denBereichen 800 MHz, 1,8 GHz, 2 GHz und 2,6 GHz f{\¨u}rden drahtlosen Netzzugang zum Angebot vonTelekommunikationsdiensten},
  subtitle={},
  year={2009},
  publisher={German's Pr{\¨a}sidentenkammer},
  url={https://www.bundesnetzagentur.de/SharedDocs/Downloads/DE/Sachgebiete/Telekommunikation/Unternehmen_Institutionen/Frequenzen/OffentlicheNetze/VergabeverfDrahtloserNetzzugang2010/PraesKammerEntschg_Id17404pdf.pdf?__blob=publicationFile},
}

@book{2-30,
  author={{German's Pr{\¨a}sidentenkammer}},
  title={Mit Breitband unterversorgte Gemeinden und Teilgemeinden},
  subtitle={},
  year={2009},
  publisher={German's Pr{\¨a}sidentenkammer},
  url={https://www.bundesnetzagentur.de/SharedDocs/Downloads/DE/Sachgebiete/Telekommunikation/Unternehmen_Institutionen/Frequenzen/OffentlicheNetze/VergabeverfDrahtloserNetzzugang2010/BeilageListenBreitbandUntervGemID17376pdf.pdf?__blob=publicationFile},
}

@book{2-31,
  author={{German's Bundesnetzagentur}},
  title={Coverage requirement in 800 MHz band fulfilled nationwide},
  subtitle={},
  year={2012},
  publisher={},
  url={https://www.bundesnetzagentur.de/SharedDocs/Downloads/EN/BNetzA/PressSection/PressReleases/2012/121126CoverageRequirement800MHz.pdf?__blob=publicationFile},
}

@ONLINE{2-32,
	author = "German's Bundesnetzagentur",
	title = "Frequency Award 2010",
	howpublished = "\url{https://www.bundesnetzagentur.de/EN/Areas/Telecommunications/Companies/FrequencyManagement/ElectronicCommunicationsServices/FrequencyAward2010_Basepage.html}"
}

%%%%%%%%%%%%%%%%%%%%%%%%
%%%CH 3: Methodology: MINERVA, a Mobile INfrastructuRe EVAluation framework
%%%%%%%%%%%%%%%%%%%%%%%%


@ONLINE{3-01,
	author = "ITRC-MISTRAL",
	title = "ITRC-MISTRAL web page",
	howpublished = "\url{https://www.itrc.org.uk/}"
}


@ONLINE{3-02,
	author = "ITRC-MISTRAL",
	title = "NISMOD GitHub project",
	howpublished = "\url{https://github.com/nismod/digital_comms/}"
}


@article{3-03,
title = "The cost, coverage and rollout implications of 5G infrastructure in Britain",
journal = "Telecommunications Policy",
year = "2017",
issn = "0308-5961",
doi = "https://doi.org/10.1016/j.telpol.2017.07.009",
url = "http://www.sciencedirect.com/science/article/pii/S0308596117302781",
author = "Edward J. Oughton and Zoraida Frias",
keywords = "5G, Spatial rollout, Cost modelling, Infrastructure sharing"
}

@ONLINE{3-04,
	author = "Lopez Medina, Alvaro",
	title = "GitHub project",
	howpublished = "\url{https://github.com/alvarolop/digital_comms}"
}

@ONLINE{3-06,
	author = "Tech UK",
	title = "UK Spectrum Usage and Demand: Second Edition",
	howpublished = "\url{https://www.techuk.org/insights/reports/item/6825-uk-spectrum-usage-demand-second-edition}"
}

@techreport{3-07,
  title={Towards 5G: scenario-based assessment of the future supply and demand for mobile telecommunications infrastructure},
  author={Oughton, Edward and others},
  year={2017}
}

@ONLINE{3-08,
	author = "ITRC-MISTRAL",
	title = "UKPopulation GitHub project",
	howpublished = "\url{https://github.com/nismod/ukpopulation}"
}

@ONLINE{3-09,
	author = "ITRC-MISTRAL",
	title = "NISMOD GitHub project",
	howpublished = "\url{https://github.com/nismod/digital_comms/tree/f80ce46d20deffd4d96a171e8030e98ce5d4ba02}"
}

@article{3-10,
  title={Uncertainty in the UK’s National Infrastructure Assessment of Mobile Telecommunication Infrastructure: From LTE to 5G and Beyond},
  author={Oughton, Edward and Frias, Zoraida and Russell, Tom and Cleevely, David},
  year={2017}
}


@book{3-11,
  author={{Analysis Mason}},
  title={The costs and capabilities of wireless and satellite technologies - 2016 snapshot},
  subtitle={},
  year={2010},
  publisher={Analysis Mason},
  url={http://www.superfastnorthamptonshire.net/find-out-more/Documents/cost-and-capabilities-of-wireless-and-satellite-technologies%202010.pdf},
}

@ONLINE{3-12,
	author = "ITRC-MISTRAL",
	title = "NISMOD-International. Evidence-based national infrastructure development",
	howpublished = "\url{http://ro.uow.edu.au/isngi/proceedings/1/5/}"
}

@ONLINE{3-13,
	author = "United Nations. DESA / population division",
	title = "2017 Revision of World Population Prospects",
	howpublished = "\url{https://esa.un.org/unpd/wpp/}"
}
@unpublished{3-14,
           title = {An{\'a}lisis prospectivo del despliegue de redes de comunicaciones m{\'o}viles LTE en nuevas bandas de frecuencia mediante el desarrollo de modelos tecnoecon{\'o}micos},
          school = {Telecomunicacion},
          author = {Zoraida Fr{\'i}as Barroso},
            year = {2016},
        keywords = {LTE, an{\'a}lisis tecnoecon{\'o}mico, gesti{\'o}n del espectro radioel{\'e}ctrico, segundo dividendo digital, femtoceldas, banda ancha rural = LTE, techno-economic analysis, radio spectrum management, second digital dividend, femtocells, rural broadband},
             url = {http://oa.upm.es/40157/}
}


%%%%%%%%%%%%%%%%%%%%%%%%
%%%CH 4: Analysis and results
%%%%%%%%%%%%%%%%%%%%%%%%






%%%%%%%%%%%%%%%%%%%%%%%%
%%%CH 5: Conclusion
%%%%%%%%%%%%%%%%%%%%%%%%


